@inproceedings{kour2014real,
  title={Real-time segmentation of on-line handwritten arabic script},
  author={Kour, George and Saabne, Raid},
  booktitle={Frontiers in Handwriting Recognition (ICFHR), 2014 14th International Conference on},
  pages={417--422},
  year={2014},
  organization={IEEE}
}

@inproceedings{kour2014fast,
  title={Fast classification of handwritten on-line Arabic characters},
  author={Kour, George and Saabne, Raid},
  booktitle={Soft Computing and Pattern Recognition (SoCPaR), 2014 6th International Conference of},
  pages={312--318},
  year={2014},
  organization={IEEE}
}

@article{hadash2018estimate,
  title={Estimate and Replace: A Novel Approach to Integrating Deep Neural Networks with Existing Applications},
  author={Hadash, Guy and Kermany, Einat and Carmeli, Boaz and Lavi, Ofer and Kour, George and Jacovi, Alon},
  journal={arXiv preprint arXiv:1804.09028},
  year={2018}
}
@article{dakos2019,
	title = {Ecosystem tipping points in an evolving world},
	author = {{Dakos}, {Vasilis} and {Matthews}, {Blake} and {Hendry}, {Andrew P.} and {Levine}, {Jonathan} and {Loeuille}, {Nicolas} and {Norberg}, {Jon} and {Nosil}, {Patrik} and {Scheffer}, {Marten} and {De Meester}, {Luc}},
	year = {2019},
	month = {03},
	date = {2019-03},
	journal = {Nature Ecology & Evolution},
	pages = {355--362},
	volume = {3},
	number = {3},
	doi = {10.1038/s41559-019-0797-2},
	url = {http://www.nature.com/articles/s41559-019-0797-2},
	langid = {en}
}

@article{schoeffler2019,
	title = {Growth of an anaerobic sulfate-reducing bacterium sustained by oxygen respiratory energy conservation after O {\textsubscript{2}} -driven experimental evolution: O {\textsubscript{2}} -driven experimental evolution of {\emph{Desulfovibrio}}},
	author = {{Schoeffler}, {Marine} and {Gaudin}, {Anne-Laure} and {Ramel}, {Fanny} and {Valette}, {Odile} and {Denis}, {Yann} and {Hania}, {Wagdi Ben} and {Hirschler-Réa}, {Agnès} and {Dolla}, {Alain}},
	year = {2019},
	month = {01},
	date = {2019-01},
	journal = {Environmental Microbiology},
	pages = {360--373},
	volume = {21},
	number = {1},
	doi = {10.1111/1462-2920.14466},
	url = {http://doi.wiley.com/10.1111/1462-2920.14466},
	langid = {en}
}

@article{martínclemente2019,
	title = {Adaptation dynamics and evolutionary rescue under sulfide selection in cyanobacteria: a comparative study between {\emph{Microcystis aeruginosa}} and {\emph{Oscillatoria}} sp. (cyanobacteria)},
	author = {{Martín{-}Clemente}, {Elena} and {Melero{-}Jiménez}, {Ignacio J.} and {Bañares{-}España}, {Elena} and {Flores{-}Moya}, {Antonio} and {García{-}Sánchez}, {María J.}},
	year = {2019},
	month = {12},
	date = {2019-12},
	journal = {Journal of Phycology},
	pages = {1348--1360},
	volume = {55},
	number = {6},
	doi = {10.1111/jpy.12911},
	url = {https://onlinelibrary.wiley.com/doi/abs/10.1111/jpy.12911},
	langid = {en}
}

@article{rolfe1978,
	title = {Factors Related to the Oxygen Tolerance of Anaerobic Bacteria},
	author = {{Rolfe}, {Rial D.} and {Hentges}, {David J.} and {Campbell}, {Benedict J.} and {Barrett}, {James T.}},
	year = {1978},
	month = {08},
	date = {1978-08},
	journal = {Applied and Environmental Microbiology},
	pages = {306--313},
	volume = {36},
	number = {2},
	url = {https://www.ncbi.nlm.nih.gov/pmc/articles/PMC291219/},
	note = {PMID: 697363
PMCID: PMC291219}
}

@article{ramel2015,
	title = {Growth of the Obligate Anaerobe Desulfovibrio vulgaris Hildenborough under Continuous Low Oxygen Concentration Sparging: Impact of the Membrane-Bound Oxygen Reductases},
	author = {{Ramel}, {Fanny} and {Brasseur}, {Gael} and {Pieulle}, {Laetitia} and {Valette}, {Odile} and {Hirschler-Réa}, {Agnès} and {Fardeau}, {Marie Laure} and {Dolla}, {Alain}},
	year = {2015},
	month = {04},
	date = {2015-04-02},
	journal = {PLOS ONE},
	pages = {e0123455},
	volume = {10},
	number = {4},
	doi = {10.1371/journal.pone.0123455},
	url = {https://journals.plos.org/plosone/article?id=10.1371/journal.pone.0123455},
	langid = {en}
}

@article{hamilton2018,
	title = {Cyanobacterial photosynthesis under sulfidic conditions: insights from the isolate Leptolyngbya sp. strain hensonii},
	author = {{Hamilton}, {Trinity L.} and {Klatt}, {Judith M.} and {de Beer}, {Dirk} and {Macalady}, {Jennifer L.}},
	year = {2018},
	month = {02},
	date = {2018-02},
	journal = {The ISME Journal},
	pages = {568--584},
	volume = {12},
	number = {2},
	doi = {10.1038/ismej.2017.193},
	url = {https://www.nature.com/articles/ismej2017193},
	note = {Number: 2
Publisher: Nature Publishing Group},
	langid = {en}
}

@article{bush2017,
	title = {Oxic-anoxic regime shifts mediated by feedbacks between biogeochemical processes and microbial community dynamics},
	author = {{Bush}, {Timothy} and {Diao}, {Muhe} and {Allen}, {Rosalind J.} and {Sinnige}, {Ruben} and {Muyzer}, {Gerard} and {Huisman}, {Jef}},
	year = {2017},
	month = {10},
	date = {2017-10-06},
	journal = {Nature Communications},
	pages = {789},
	volume = {8},
	number = {1},
	doi = {10.1038/s41467-017-00912-x},
	url = {https://www.nature.com/articles/s41467-017-00912-x},
	langid = {en}
}

@article{bush2017a,
	title = {Oxic-anoxic regime shifts mediated by feedbacks between biogeochemical processes and microbial community dynamics},
	author = {{Bush}, {Timothy} and {Diao}, {Muhe} and {Allen}, {Rosalind J.} and {Sinnige}, {Ruben} and {Muyzer}, {Gerard} and {Huisman}, {Jef}},
	year = {2017},
	month = {10},
	date = {2017-10-06},
	journal = {Nature Communications},
	pages = {789},
	volume = {8},
	number = {1},
	doi = {10.1038/s41467-017-00912-x},
	url = {https://www.nature.com/articles/s41467-017-00912-x},
	langid = {en}
}

@article{dakos2019a,
	title = {Ecosystem tipping points in an evolving world},
	author = {{Dakos}, {Vasilis} and {Matthews}, {Blake} and {Hendry}, {Andrew P.} and {Levine}, {Jonathan} and {Loeuille}, {Nicolas} and {Norberg}, {Jon} and {Nosil}, {Patrik} and {Scheffer}, {Marten} and {De Meester}, {Luc}},
	year = {2019},
	month = {03},
	date = {2019-03},
	journal = {Nature Ecology & Evolution},
	pages = {355--362},
	volume = {3},
	number = {3},
	doi = {10.1038/s41559-019-0797-2},
	url = {http://www.nature.com/articles/s41559-019-0797-2},
	langid = {en}
}

@article{dakos2019b,
	title = {Ecosystem tipping points in an evolving world},
	author = {{Dakos}, {Vasilis} and {Matthews}, {Blake} and {Hendry}, {Andrew P.} and {Levine}, {Jonathan} and {Loeuille}, {Nicolas} and {Norberg}, {Jon} and {Nosil}, {Patrik} and {Scheffer}, {Marten} and {De Meester}, {Luc}},
	year = {2019},
	month = {03},
	date = {2019-03},
	journal = {Nature Ecology & Evolution},
	pages = {355--362},
	volume = {3},
	number = {3},
	doi = {10.1038/s41559-019-0797-2},
	url = {http://www.nature.com/articles/s41559-019-0797-2},
	langid = {en}
}

@article{holling1973,
	title = {Resilience and Stability of Ecological Systems},
	author = {{Holling}, {C S}},
	year = {1973},
	month = {11},
	date = {1973-11},
	journal = {Annual Review of Ecology and Systematics},
	pages = {1--23},
	volume = {4},
	number = {1},
	doi = {10.1146/annurev.es.04.110173.000245},
	url = {http://arjournals.annualreviews.org/doi/abs/10.1146/annurev.es.04.110173.000245}
}

@article{ceulemans2021,
	title = {Functional diversity alters the effects of a pulse perturbation on the dynamics of tritrophic food webs},
	author = {{Ceulemans}, {Ruben} and {Wojcik}, {Laurie Anne} and {Gaedke}, {Ursula}},
	year = {2021},
	month = {03},
	date = {2021-03-22},
	journal = {bioRxiv},
	pages = {2021.03.22.436420},
	doi = {10.1101/2021.03.22.436420},
	url = {https://www.biorxiv.org/content/10.1101/2021.03.22.436420v1},
	note = {Publisher: Cold Spring Harbor Laboratory
Section: New Results},
	langid = {en}
}
